
@Book{khinchin1997continued,
  author = 	 {Khinchin, A Ya},
  title = 	 {Continued Fractions},
  publisher = 	 {University of Chicago Press},
  year = 	 1964}



@article{eisenbrand2012pope,
  title={Pope Gregory, the Calendar, and Continued Fractions},
  author={Eisenbrand, Friedrich},
  journal={Documenta Mathematica{\textperiodcentered} Extra Volume ISMP},
  pages={87--93},
  year={2012}
}



@Misc{WikiDirichlet,
  title = 	 {Dirichlet's approximation theorem},
  howpublished = {Wikipedia},
  note = 	 {https://en.wikipedia.org/wiki/Dirichlet%27s_approximation_theorem}}


@article{lenstra2002solving,
  title={Solving the Pell equation},
  author={Lenstra Jr, Hendrik W},
  journal={Notices of the AMS},
  volume={49},
  number={2},
  pages={182--192},
  year={2002}
}

